<record><leader>00000cas a22000007a 4500</leader><controlfield tag="001">36959777</controlfield><controlfield tag="008">970523d18761877meudn ne      0    0eng d</controlfield><datafield ind1=" " ind2=" " tag="010"><subfield code="a">sn 97062682 </subfield></datafield><datafield ind1=" " ind2=" " tag="040"><subfield code="a">MBN</subfield><subfield code="b">eng</subfield><subfield code="c">MBN</subfield><subfield code="d">OCLCF</subfield><subfield code="d">OCLCO</subfield></datafield><datafield ind1=" " ind2=" " tag="042"><subfield code="a">msc</subfield></datafield><datafield ind1="0" ind2=" " tag="130"><subfield code="a">Daily times (Biddeford, Me. : 1876)</subfield></datafield><datafield ind1="0" ind2="4" tag="245"><subfield code="a">The daily times.</subfield></datafield><datafield ind1=" " ind2=" " tag="260"><subfield code="a">Biddeford, Me. :</subfield><subfield code="b">A.J. Small,</subfield></datafield><datafield ind1=" " ind2=" " tag="300"><subfield code="a">v.</subfield></datafield><datafield ind1=" " ind2=" " tag="310"><subfield code="a">Daily (except Sun.)</subfield></datafield><datafield ind1="0" ind2=" " tag="362"><subfield code="a">No. 113 (July 18, 1876)-v. 7, no. 232 (Dec. 1, 1877).</subfield></datafield><datafield ind1=" " ind2="0" tag="651"><subfield code="a">Biddeford (Me.)</subfield><subfield code="v">Newspapers.</subfield></datafield><datafield ind1=" " ind2="7" tag="655"><subfield code="a">Newspapers.</subfield><subfield code="2">fast</subfield><subfield code="0">(OCoLC)fst01423814</subfield></datafield><datafield ind1=" " ind2="7" tag="651"><subfield code="a">Maine</subfield><subfield code="z">Biddeford.</subfield><subfield code="2">fast</subfield><subfield code="0">(OCoLC)fst01209933</subfield></datafield><datafield ind1=" " ind2=" " tag="752"><subfield code="a">United States</subfield><subfield code="b">Maine</subfield><subfield code="c">York</subfield><subfield code="d">Biddeford.</subfield></datafield><datafield ind1="0" ind2="0" tag="780"><subfield code="t">Daily chronicle (Biddeford, Me.)</subfield><subfield code="w">(DLC)sn 84022322</subfield></datafield><datafield ind1="0" ind2="0" tag="785"><subfield code="t">Daily evening times (Biddeford, Me. : 1877)</subfield><subfield code="w">(DLC)sn 99066555</subfield></datafield></record>